<record><leader>00000cas a2200000 a 4500</leader><controlfield tag="001">3819353</controlfield><controlfield tag="008">780421d1977199ucouer ne      0   a0eng d</controlfield><datafield ind1=" " ind2=" " tag="010"><subfield code="a">sn 85003146 </subfield></datafield><datafield ind1=" " ind2=" " tag="040"><subfield code="a">COA</subfield><subfield code="b">eng</subfield><subfield code="c">COA</subfield><subfield code="d">NSD</subfield><subfield code="d">CNQ</subfield><subfield code="d">NSD</subfield><subfield code="d">OCL</subfield><subfield code="d">OCLCQ</subfield></datafield><datafield ind1=" " ind2=" " tag="012"><subfield code="j">0</subfield><subfield code="m">d</subfield></datafield><datafield ind1="1" ind2=" " tag="022"><subfield code="a">0886-1781</subfield><subfield code="l">0886-1781</subfield><subfield code="2">1</subfield></datafield><datafield ind1="1" ind2=" " tag="029"><subfield code="a">AU@</subfield><subfield code="b">000022105525</subfield></datafield><datafield ind1=" " ind2=" " tag="037"><subfield code="b">The Summit Sentinel, P.O. Box 709, Frisco, CO 80443</subfield></datafield><datafield ind1=" " ind2=" " tag="042"><subfield code="a">msc</subfield><subfield code="a">nsdp</subfield></datafield><datafield ind1=" " ind2=" " tag="090"><subfield code="a">AN3</subfield><subfield code="b">.S9</subfield></datafield><datafield ind1="0" ind2=" " tag="130"><subfield code="a">Summit sentinel (Dillon, Colo. : 1977)</subfield></datafield><datafield ind1=" " ind2="4" tag="222"><subfield code="a">The Summit sentinel</subfield></datafield><datafield ind1="0" ind2="4" tag="245"><subfield code="a">The Summit sentinel.</subfield></datafield><datafield ind1="0" ind2="0" tag="246"><subfield code="a">Summit sentinel Breckenridge emphasis</subfield></datafield><datafield ind1="0" ind2="0" tag="246"><subfield code="a">Summit sentinel highlighting the Frisco news</subfield></datafield><datafield ind1=" " ind2=" " tag="260"><subfield code="a">Dillon, Colo. :</subfield><subfield code="b">Bill King,</subfield></datafield><datafield ind1=" " ind2=" " tag="300"><subfield code="a">v.</subfield></datafield><datafield ind1=" " ind2=" " tag="310"><subfield code="a">Biweekly,</subfield><subfield code="b">Apr. 1878-</subfield></datafield><datafield ind1=" " ind2=" " tag="321"><subfield code="a">Biweekly,</subfield><subfield code="b">Nov. 1977-Dec. 1977</subfield></datafield><datafield ind1=" " ind2=" " tag="321"><subfield code="a">Triweekly,</subfield><subfield code="b">Jan. 1978-Apr. 1978</subfield></datafield><datafield ind1="0" ind2=" " tag="362"><subfield code="a">Vol. 10, no. 31 (Nov. 15, 1977)-</subfield></datafield><datafield ind1=" " ind2=" " tag="500"><subfield code="a">Published occasionally as: Summit sentinel Breckenridge emphasis, and: Summit sentinel highlighting the Frisco news.</subfield></datafield><datafield ind1=" " ind2=" " tag="530"><subfield code="a">Available on microfilm from the Colorado Historical Society.</subfield></datafield><datafield ind1=" " ind2=" " tag="752"><subfield code="a">United States</subfield><subfield code="b">Colorado</subfield><subfield code="c">Summit</subfield><subfield code="d">Frisco.</subfield></datafield><datafield ind1=" " ind2=" " tag="752"><subfield code="a">United States</subfield><subfield code="b">Colorado</subfield><subfield code="c">Summit</subfield><subfield code="d">Dillon.</subfield></datafield><datafield ind1="0" ind2="0" tag="780"><subfield code="t">Summit sentinel and the Frisco news</subfield><subfield code="w">(DLC)sn 91052421</subfield></datafield><datafield ind1="0" ind2="0" tag="785"><subfield code="t">Altitudes (Fresco, Colo.)</subfield><subfield code="x">1077-9477</subfield><subfield code="w">(DLC)sn 94000624</subfield></datafield><datafield ind1=" " ind2=" " tag="936"><subfield code="a">Unknown</subfield><subfield code="a">v. 19, no. 19 (Nov. 13, 1985)</subfield></datafield></record>